@ARTICLE{scipy,
  author  = {Virtanen, Pauli and Gommers, Ralf and Oliphant, Travis E. and
            Haberland, Matt and Reddy, Tyler and Cournapeau, David and
            Burovski, Evgeni and Peterson, Pearu and Weckesser, Warren and
            Bright, Jonathan and {van der Walt}, St{\'e}fan J. and
            Brett, Matthew and Wilson, Joshua and Millman, K. Jarrod and
            Mayorov, Nikolay and Nelson, Andrew R. J. and Jones, Eric and
            Kern, Robert and Larson, Eric and Carey, C J and
            Polat, {\.I}lhan and Feng, Yu and Moore, Eric W. and
            {VanderPlas}, Jake and Laxalde, Denis and Perktold, Josef and
            Cimrman, Robert and Henriksen, Ian and Quintero, E. A. and
            Harris, Charles R. and Archibald, Anne M. and
            Ribeiro, Ant{\^o}nio H. and Pedregosa, Fabian and
            {van Mulbregt}, Paul and {SciPy 1.0 Contributors}},
  title   = {{{SciPy} 1.0: Fundamental Algorithms for Scientific
            Computing in Python}},
  journal = {Nature Methods},
  year    = {2020},
  volume  = {17},
  pages   = {261--272},
  adsurl  = {https://rdcu.be/b08Wh},
  doi     = {10.1038/s41592-019-0686-2},
}
@article{numpy,
  title = {Array programming with NumPy},
  volume = {585},
  ISSN = {1476-4687},
  url = {http://dx.doi.org/10.1038/s41586-020-2649-2},
  DOI = {10.1038/s41586-020-2649-2},
  number = {7825},
  journal = {Nature},
  publisher = {Springer Science and Business Media LLC},
  author = {Harris,  Charles R. and Millman,  K. Jarrod and van der Walt,  Stéfan J. and Gommers,  Ralf and Virtanen,  Pauli and Cournapeau,  David and Wieser,  Eric and Taylor,  Julian and Berg,  Sebastian and Smith,  Nathaniel J. and Kern,  Robert and Picus,  Matti and Hoyer,  Stephan and van Kerkwijk,  Marten H. and Brett,  Matthew and Haldane,  Allan and del Río,  Jaime Fernández and Wiebe,  Mark and Peterson,  Pearu and Gérard-Marchant,  Pierre and Sheppard,  Kevin and Reddy,  Tyler and Weckesser,  Warren and Abbasi,  Hameer and Gohlke,  Christoph and Oliphant,  Travis E.},
  year = {2020},
  month = sep,
  pages = {357-362}
}
@article{matplotlib,
  title = {Matplotlib: A 2D Graphics Environment},
  volume = {9},
  ISSN = {1521-9615},
  url = {http://dx.doi.org/10.1109/MCSE.2007.55},
  DOI = {10.1109/mcse.2007.55},
  number = {3},
  journal = {Computing in Science &amp; Engineering},
  publisher = {Institute of Electrical and Electronics Engineers (IEEE)},
  author = {Hunter,  John D.},
  year = {2007},
  pages = {90-95}
}

@article{Majewski:2017,
  title = {The Apache Point Observatory Galactic Evolution Experiment (APOGEE)},
  volume = {154},
  ISSN = {1538-3881},
  url = {http://dx.doi.org/10.3847/1538-3881/aa784d},
  DOI = {10.3847/1538-3881/aa784d},
  number = {3},
  journal = {The Astronomical Journal},
  publisher = {American Astronomical Society},
  author = {Majewski,  Steven R. and Schiavon,  Ricardo P. and Frinchaboy,  Peter M. and Prieto,  Carlos Allende and Barkhouser,  Robert and Bizyaev,  Dmitry and Blank,  Basil and Brunner,  Sophia and Burton,  Adam and Carrera,  Ricardo and Chojnowski,  S. Drew and Cunha,  Kátia and Epstein,  Courtney and Fitzgerald,  Greg and Pérez,  Ana E. García and Hearty,  Fred R. and Henderson,  Chuck and Holtzman,  Jon A. and Johnson,  Jennifer A. and Lam,  Charles R. and Lawler,  James E. and Maseman,  Paul and Mészáros,  Szabolcs and Nelson,  Matthew and Nguyen,  Duy Coung and Nidever,  David L. and Pinsonneault,  Marc and Shetrone,  Matthew and Smee,  Stephen and Smith,  Verne V. and Stolberg,  Todd and Skrutskie,  Michael F. and Walker,  Eric and Wilson,  John C. and Zasowski,  Gail and Anders,  Friedrich and Basu,  Sarbani and Beland,  Stephane and Blanton,  Michael R. and Bovy,  Jo and Brownstein,  Joel R. and Carlberg,  Joleen and Chaplin,  William and Chiappini,  Cristina and Eisenstein,  Daniel J. and Elsworth,  Yvonne and Feuillet,  Diane and Fleming,  Scott W. and Galbraith-Frew,  Jessica and García,  Rafael A. and García-Hernández,  D. Aníbal and Gillespie,  Bruce A. and Girardi,  Léo and Gunn,  James E. and Hasselquist,  Sten and Hayden,  Michael R. and Hekker,  Saskia and Ivans,  Inese and Kinemuchi,  Karen and Klaene,  Mark and Mahadevan,  Suvrath and Mathur,  Savita and Mosser,  Benoît and Muna,  Demitri and Munn,  Jeffrey A. and Nichol,  Robert C. and O’Connell,  Robert W. and Parejko,  John K. and Robin,  A. C. and Rocha-Pinto,  Helio and Schultheis,  Matthias and Serenelli,  Aldo M. and Shane,  Neville and Aguirre,  Victor Silva and Sobeck,  Jennifer S. and Thompson,  Benjamin and Troup,  Nicholas W. and Weinberg,  David H. and Zamora,  Olga},
  year = {2017},
  month = aug,
  pages = {94}
}
@article{Wilson:2019,
  title = {The Apache Point Observatory Galactic Evolution Experiment (APOGEE) Spectrographs},
  volume = {131},
  ISSN = {1538-3873},
  url = {http://dx.doi.org/10.1088/1538-3873/ab0075},
  DOI = {10.1088/1538-3873/ab0075},
  number = {999},
  journal = {Publications of the Astronomical Society of the Pacific},
  publisher = {IOP Publishing},
  author = {Wilson,  J. C. and Hearty,  F. R. and Skrutskie,  M. F. and Majewski,  S. R. and Holtzman,  J. A. and Eisenstein,  D. and Gunn,  J. and Blank,  B. and Henderson,  C. and Smee,  S. and Nelson,  M. and Nidever,  D. and Arns,  J. and Barkhouser,  R. and Barr,  J. and Beland,  S. and Bershady,  M. A. and Blanton,  M. R. and Brunner,  S. and Burton,  A. and Carey,  L. and Carr,  M. and Colque,  J. P. and Crane,  J. and Damke,  G. J. and Davidson,  J. W. and Dean,  J. and Di Mille,  F. and Don,  K. W. and Ebelke,  G. and Evans,  M. and Fitzgerald,  G. and Gillespie,  B. and Hall,  M. and Harding,  A. and Harding,  P. and Hammond,  R. and Hancock,  D. and Harrison,  C. and Hope,  S. and Horne,  T. and Karakla,  J. and Lam,  C. and Leger,  F. and MacDonald,  N. and Maseman,  P. and Matsunari,  J. and Melton,  S. and Mitcheltree,  T. and O’Brien,  T. and O’Connell,  R. W. and Patten,  A. and Richardson,  W. and Rieke,  G. and Rieke,  M. and Roman-Lopes,  A. and Schiavon,  R. P. and Sobeck,  J. S. and Stolberg,  T. and Stoll,  R. and Tembe,  M. and Trujillo,  J. D. and Uomoto,  A. and Vernieri,  M. and Walker,  E. and Weinberg,  D. H. and Young,  E. and Anthony-Brumfield,  B. and Bizyaev,  D. and Breslauer,  B. and Lee,  N. De and Downey,  J. and Halverson,  S. and Huehnerhoff,  J. and Klaene,  M. and Leon,  E. and Long,  D. and Mahadevan,  S. and Malanushenko,  E. and Nguyen,  D. C. and Owen,  R. and Sánchez-Gallego,  J. R. and Sayres,  C. and Shane,  N. and Shectman,  S. A. and Shetrone,  M. and Skinner,  D. and Stauffer,  F. and Zhao,  B.},
  year = {2019},
  month = mar,
  pages = {055001}
}
